@InProceedings{Gurari_2018_CVPR,
author = {Gurari, Danna and Li, Qing and Stangl, Abigale J. and Guo, Anhong and Lin, Chi and Grauman, Kristen and Luo, Jiebo and Bigham, Jeffrey P.},
title = {VizWiz Grand Challenge: Answering Visual Questions From Blind People},
booktitle = {Proceedings of the IEEE Conference on Computer Vision and Pattern Recognition (CVPR)},
month = {June},
year = {2018}
}


@InProceedings{Singh_2019_CVPR,
author = {Singh, Amanpreet and Natarajan, Vivek and Shah, Meet and Jiang, Yu and Chen, Xinlei and Batra, Dhruv and Parikh, Devi and Rohrbach, Marcus},
title = {Towards VQA Models That Can Read},
booktitle = {Proceedings of the IEEE/CVF Conference on Computer Vision and Pattern Recognition (CVPR)},
month = {June},
year = {2019}
}


@InProceedings{Biten_2019_ICCV,
author = {Biten, Ali Furkan and Tito, Ruben and Mafla, Andres and Gomez, Lluis and Rusinol, Marcal and Valveny, Ernest and Jawahar, C.V. and Karatzas, Dimosthenis},
title = {Scene Text Visual Question Answering},
booktitle = {Proceedings of the IEEE/CVF International Conference on Computer Vision (ICCV)},
month = {October},
year = {2019}
}


@article{DBLP:journals/corr/SmithTHH17,
  author    = {Samuel L. Smith and
               David H. P. Turban and
               Steven Hamblin and
               Nils Y. Hammerla},
  title     = {Offline bilingual word vectors, orthogonal transformations and the
               inverted softmax},
  journal   = {CoRR},
  volume    = {abs/1702.03859},
  year      = {2017},
  url       = {http://arxiv.org/abs/1702.03859},
  archivePrefix = {arXiv},
  eprint    = {1702.03859},
  timestamp = {Mon, 13 Aug 2018 16:47:05 +0200},
  biburl    = {https://dblp.org/rec/journals/corr/SmithTHH17.bib},
  bibsource = {dblp computer science bibliography, https://dblp.org}
}


@misc{vinyals2017pointer,
      title={Pointer Networks}, 
      author={Oriol Vinyals and Meire Fortunato and Navdeep Jaitly},
      year={2017},
      eprint={1506.03134},
      archivePrefix={arXiv},
      primaryClass={stat.ML}
}


@InProceedings{Hu_2020_CVPR,
author = {Hu, Ronghang and Singh, Amanpreet and Darrell, Trevor and Rohrbach, Marcus},
title = {Iterative Answer Prediction With Pointer-Augmented Multimodal Transformers for TextVQA},
booktitle = {Proceedings of the IEEE/CVF Conference on Computer Vision and Pattern Recognition (CVPR)},
month = {June},
year = {2020}
}


@article{DBLP:journals/corr/abs-2006-00923,
  author    = {Llu{\'{\i}}s G{\'{o}}mez and
               Ali Furkan Biten and
               Rub{\`{e}}n Tito and
               Andr{\'{e}}s Mafla and
               Mar{\c{c}}al Rusi{\~{n}}ol and
               Ernest Valveny and
               Dimosthenis Karatzas},
  title     = {Multimodal grid features and cell pointers for Scene Text Visual Question
               Answering},
  journal   = {CoRR},
  volume    = {abs/2006.00923},
  year      = {2020},
  url       = {https://arxiv.org/abs/2006.00923},
  archivePrefix = {arXiv},
  eprint    = {2006.00923},
  timestamp = {Wed, 01 Jul 2020 07:56:02 +0200},
  biburl    = {https://dblp.org/rec/journals/corr/abs-2006-00923.bib},
  bibsource = {dblp computer science bibliography, https://dblp.org}
}


@inproceedings{borisyuk2018rosetta,
  title={Rosetta: Large scale system for text detection and recognition in images},
  author={Borisyuk, Fedor and Gordo, Albert and Sivakumar, Viswanath},
  booktitle={Proceedings of the 24th ACM SIGKDD International Conference on Knowledge Discovery \& Data Mining},
  pages={71--79},
  year={2018}
}


@INPROCEEDINGS{8978122,
  author={Mishra, Anand and Shekhar, Shashank and Singh, Ajeet Kumar and Chakraborty, Anirban},
  booktitle={2019 International Conference on Document Analysis and Recognition (ICDAR)}, 
  title={OCR-VQA: Visual Question Answering by Reading Text in Images}, 
  year={2019},
  volume={},
  number={},
  pages={947-952},
  doi={10.1109/ICDAR.2019.00156}
}


@article{DBLP:journals/corr/abs-1807-09956,
  author    = {Yu Jiang and
               Vivek Natarajan and
               Xinlei Chen and
               Marcus Rohrbach and
               Dhruv Batra and
               Devi Parikh},
  title     = {Pythia v0.1: the Winning Entry to the {VQA} Challenge 2018},
  journal   = {CoRR},
  volume    = {abs/1807.09956},
  year      = {2018},
  url       = {http://arxiv.org/abs/1807.09956},
  archivePrefix = {arXiv},
  eprint    = {1807.09956},
  timestamp = {Mon, 13 Aug 2018 16:47:24 +0200},
  biburl    = {https://dblp.org/rec/journals/corr/abs-1807-09956.bib},
  bibsource = {dblp computer science bibliography, https://dblp.org}
}


@inproceedings{singh2018pythia,
  title={Pythia-a platform for vision \& language research},
  author={Singh, Amanpreet and Natarajan, Vivek and Jiang, Yu and Chen, Xinlei and Shah, Meet and Rohrbach, Marcus and Batra, Dhruv and Parikh, Devi},
  booktitle={SysML Workshop, NeurIPS},
  volume={2018},
  year={2018}
}


@inproceedings{wang2010word,
  title={Word spotting in the wild},
  author={Wang, Kai and Belongie, Serge},
  booktitle={European conference on computer vision},
  pages={591--604},
  year={2010},
  organization={Springer}
}


@article{DBLP:journals/corr/VeitMNMB16,
  author    = {Andreas Veit and
               Tomas Matera and
               Lukas Neumann and
               Jiri Matas and
               Serge J. Belongie},
  title     = {COCO-Text: Dataset and Benchmark for Text Detection and Recognition
               in Natural Images},
  journal   = {CoRR},
  volume    = {abs/1601.07140},
  year      = {2016},
  url       = {http://arxiv.org/abs/1601.07140},
  archivePrefix = {arXiv},
  eprint    = {1601.07140},
  timestamp = {Mon, 13 Aug 2018 16:46:02 +0200},
  biburl    = {https://dblp.org/rec/journals/corr/VeitMNMB16.bib},
  bibsource = {dblp computer science bibliography, https://dblp.org}
}


@inproceedings{mishra:hal-00818183,
  TITLE = {{Scene Text Recognition using Higher Order Language Priors}},
  AUTHOR = {Mishra, Anand and Alahari, Karteek and Jawahar, C.V.},
  URL = {https://hal.inria.fr/hal-00818183},
  BOOKTITLE = {{BMVC - British Machine Vision Conference}},
  ADDRESS = {Surrey, United Kingdom},
  PUBLISHER = {{BMVA}},
  YEAR = {2012},
  MONTH = Sep,
  DOI = {10.5244/C.26.127},
  PDF = {https://hal.inria.fr/hal-00818183/file/mishra12a.pdf},
  HAL_ID = {hal-00818183},
  HAL_VERSION = {v1},
}


@InProceedings{Johnson_2017_CVPR,
author = {Johnson, Justin and Hariharan, Bharath and van der Maaten, Laurens and Fei-Fei, Li and Lawrence Zitnick, C. and Girshick, Ross},
title = {CLEVR: A Diagnostic Dataset for Compositional Language and Elementary Visual Reasoning},
booktitle = {Proceedings of the IEEE Conference on Computer Vision and Pattern Recognition (CVPR)},
month = {July},
year = {2017}
} 

